// Calibrar ac com ag
@article{de2002tutorial,
  title   = {Um Tutorial sobre Algoritmos Gen{\'e}ticos.},
  author  = {de Lacerda, Estefane GM and de Leon Ferreira, Andr{\'e} Carlos Ponce and Ludermir, Teresa Bernarda},
  journal = {RITA},
  volume  = {9},
  number  = {3},
  pages   = {7--39},
  year    = {2002}
}

// Calibrando ac com particle swarm
@article{dias2018calibrating,
  title     = {Calibrating cellular automaton models for pedestrians walking through corners},
  author    = {Dias, Charitha and Lovreglio, Ruggiero},
  journal   = {Physics Letters A},
  volume    = {382},
  number    = {19},
  pages     = {1255--1261},
  year      = {2018},
  publisher = {Elsevier}
}
// Calibrando ac com ag + process understanding

@inproceedings{ferreira2023stochastic,
  title        = {Stochastic Model for Wildfire Simulation Based on the Characteristics of the Brazilian Cerrado},
  author       = {Ferreira, Heitor F and Tinoco, Claudiney R and Martins, Luiz GA and Oliveira, Gina MB},
  booktitle    = {International Conference on Artificial Intelligence and Soft Computing},
  pages        = {487--496},
  year         = {2023},
  organization = {Springer}
}

// Comparando calibragem entre maxentropy com regress√£o logistica, rede neural artificial, e support vector machine
@article{newland2020hybrid,
  title     = {A hybrid (semi) automatic calibration method for Cellular Automata land-use models: Combining evolutionary algorithms with process understanding},
  author    = {Newland, Charles P and van Delden, Hedwig and Zecchin, Aaron C and Newman, Jeffrey P and Maier, Holger R},
  journal   = {Environmental Modelling \& Software},
  volume    = {134},
  pages     = {104830},
  year      = {2020},
  publisher = {Elsevier}
}


@article{pinto2017applicability,
  title     = {Applicability and calibration of an irregular cellular automata model for land use change},
  author    = {Pinto, Nuno and Antunes, Ant{\'o}nio Pais and Roca, Josep},
  journal   = {Computers, Environment and Urban Systems},
  volume    = {65},
  pages     = {93--102},
  year      = {2017},
  publisher = {Elsevier}
}

// Artigo Heitor
@article{shan2008genetic,
  title     = {Genetic algorithms for the calibration of cellular automata urban growth modeling},
  author    = {Shan, Jie and Alkheder, Sharaf and Wang, Jun},
  journal   = {Photogrammetric Engineering \& Remote Sensing},
  volume    = {74},
  number    = {10},
  pages     = {1267--1277},
  year      = {2008},
  publisher = {American Society for Photogrammetry and Remote Sensing}
}

// Artigo de onde tirei o crossover
@article{zhang2022exploring,
  title     = {Exploring the advantages of the maximum entropy model in calibrating cellular automata for urban growth simulation: a comparative study of four methods},
  author    = {Zhang, Bin and Wang, Haijun},
  journal   = {GIScience \& Remote Sensing},
  volume    = {59},
  number    = {1},
  pages     = {71--95},
  year      = {2022},
  publisher = {Taylor \& Francis}
}

Chopard, B., & Droz, M. (1998). Cellular Automata Modeling of Physical Systems. Cambridge University Press.
Encinas, A. H., et al. (2015). A Cellular Automaton Forest Fire Spread Model with Hexagonal Cells. International Journal of Wildland Fire, 24(5), 606-619.
Alexandridis, A., et al. (2012). Optimization of Cellular Automata Forest Fire Spread Model Parameters Using Satellite Remote Sensing Imagery. Remote Sensing, 4(11), 3585-3608.
Louzada, R., & Ferreira Jr., J. C. (2017). Cellular Automata Fire Propagation Model for Heterogeneous Landscapes. Ecological Modelling, 345, 40-51.
Lima, J. C., & Lima, R. (2019). Genetic Algorithm Applied to the Calibration of Cellular Automata Fire Spread Models. International Journal of Wildland Fire, 28(8), 591-603.
Encinas, A. H., et al. (2018). Simulation of a Wildfire Event Using a Cellular Automaton Model: A Case Study in a Greek Island. Natural Hazards, 94(2), 787-803.